<record><leader>00000cas a2200000La 4500</leader><controlfield tag="001">426738849</controlfield><controlfield tag="006">m        d        </controlfield><controlfield tag="007">cr |n|||||||||</controlfield><controlfield tag="008">851108d19411943nyuwr neo     0    0eng  </controlfield><datafield ind1=" " ind2=" " tag="010"><subfield code="a">sn 85042676 </subfield></datafield><datafield ind1=" " ind2=" " tag="040"><subfield code="a">DLC</subfield><subfield code="b">eng</subfield><subfield code="c">EMI</subfield><subfield code="d">OCLCQ</subfield><subfield code="d">OCLCO</subfield></datafield><datafield ind1="1" ind2=" " tag="029"><subfield code="a">NZ1</subfield><subfield code="b">14675470</subfield></datafield><datafield ind1=" " ind2=" " tag="043"><subfield code="a">n-us-ny</subfield></datafield><datafield ind1="0" ind2=" " tag="130"><subfield code="a">New York Amsterdam star-news (Online)</subfield></datafield><datafield ind1="1" ind2="0" tag="245"><subfield code="a">New York Amsterdam star-news</subfield><subfield code="h">[electronic resource].</subfield></datafield><datafield ind1="3" ind2=" " tag="246"><subfield code="a">Amsterdam New York star-news</subfield></datafield><datafield ind1="3" ind2=" " tag="246"><subfield code="a">New York star-news</subfield></datafield><datafield ind1=" " ind2=" " tag="260"><subfield code="a">New York [N.Y.] :</subfield><subfield code="b">Powell-Savory.</subfield></datafield><datafield ind1=" " ind2=" " tag="310"><subfield code="a">Weekly</subfield></datafield><datafield ind1="0" ind2=" " tag="362"><subfield code="a">Vol. 32, no. 9 (Feb. 8, 1941)-v. 34, no. 16 (Mar. 27, 1943).</subfield></datafield><datafield ind1="1" ind2=" " tag="490"><subfield code="a">ProQuest Historical Newspapers</subfield></datafield><datafield ind1=" " ind2=" " tag="515"><subfield code="a">Volume 32 has 62 issues; v. 33 begins with no. 11 (Feb. 21, 1942); otherwise vol. numbering increments in Dec. of each year.</subfield></datafield><datafield ind1=" " ind2=" " tag="538"><subfield code="a">Mode of access: World Wide Web.</subfield></datafield><datafield ind1=" " ind2=" " tag="580"><subfield code="a">Split into: New York Amsterdam news (New York, N.Y. : 1943 : National ed.), and: New York Amsterdam news (New York, N.Y. : 1943 : City ed.).</subfield></datafield><datafield ind1=" " ind2="0" tag="650"><subfield code="a">African Americans</subfield><subfield code="z">New York (State)</subfield><subfield code="v">Newspapers.</subfield></datafield><datafield ind1=" " ind2="0" tag="651"><subfield code="a">New York (N.Y.)</subfield><subfield code="v">Newspapers.</subfield></datafield><datafield ind1=" " ind2="0" tag="651"><subfield code="a">Harlem (New York, N.Y.)</subfield><subfield code="v">Newspapers.</subfield></datafield><datafield ind1=" " ind2="0" tag="651"><subfield code="a">New York County (N.Y.)</subfield><subfield code="v">Newspapers.</subfield></datafield><datafield ind1=" " ind2="0" tag="655"><subfield code="a">Electronic journals.</subfield></datafield><datafield ind1="2" ind2=" " tag="710"><subfield code="a">ProQuest Information and Learning Company.</subfield></datafield><datafield ind1=" " ind2=" " tag="752"><subfield code="a">United States</subfield><subfield code="b">New York</subfield><subfield code="c">New York</subfield><subfield code="d">New York.</subfield></datafield><datafield ind1="0" ind2="0" tag="780"><subfield code="t">New York star &amp; Amsterdam news</subfield><subfield code="w">(DLC)sn 85042675</subfield><subfield code="w">(OCoLC)12774060</subfield></datafield><datafield ind1="1" ind2="6" tag="785"><subfield code="t">New York Amsterdam news (New York, N.Y. : 1943 : National ed.)</subfield><subfield code="w">(DLC)sn 85042678</subfield><subfield code="w">(OCoLC)12774267</subfield></datafield><datafield ind1="1" ind2="6" tag="785"><subfield code="t">New York Amsterdam news (New York, N.Y. : 1943 : City ed.)</subfield><subfield code="w">(DLC)sn 83030339</subfield><subfield code="w">(OCoLC)9480575</subfield></datafield><datafield ind1=" " ind2="0" tag="830"><subfield code="a">ProQuest Historical Newspapers.</subfield></datafield></record>